@book{2000:bernardosmith,
    Title = {Bayesian Theory},
    Author = {Bernardo, J. and Smith, A.},
    Publisher = {Wiley},
    Address = {Chichester},
    Year = {2000}}

@article{2009:WalterAugustin,
    Author = {G. Walter and T. Augustin},
    Title = {Imprecision and Prior-data Conflict in Generalized {B}ayesian Inference},
    Journal = {Journal of Statistical Theory and Practice},
    Pages = {255--271},
    Volume = {3},
    Year = {2009},
    nourl = {http://dx.doi.org/10.1080/15598608.2009.10411924},
    doi = {10.1080/15598608.2009.10411924}
}

@misc{luck-package,
  title={\texttt{\upshape luck}: \textbf{R} package for Generalized iLUCK-models},
  author={Walter, G. and Krautenbacher, N.},
  year={2013},
  url={http://luck.r-forge.r-project.org/},
  keywords = {defensethesis},
}

@inproceedings{2005:quaeghebeurcooman,
    Address = {Manno},
    Author = {Quaeghebeur, E. and {de Cooman}, G.},
    Booktitle = {ISIPTA '05. Proceedings of the Fourth International Symposium on Imprecise Probabilities and Their Applications},
    Editor = {Cozman, F. and Nau, R. and Seidenfeld, T.},
    Pages = {287--296},
    Publisher = {SIPTA},
    Title = {Imprecise probability models for inference in exponential families},
    Year = {2005},
    Keywords = {defensefurther},
    url = {http://leo.ugr.es/sipta/isipta05/proceedings/papers/s019.pdf},
}


